
@article{10.1093/mnras/stab2391,
	author = {Rai et al., Km Nitu},
	title = "{Radius measurement in binary stars: simulations of intensity interferometry}",
	journal = {Monthly Notices of the Royal Astronomical Society},
	volume = {507},
	number = {2},
	pages = {2813-2824},
	year = {2021},
	month = {08},
	abstract = "{Mass and radius measurements of stars are important inputs for models of stellar structure. Binary stars are of particular interest in this regard, because astrometry and spectroscopy of a binary together provide the masses of both stars as well as the distance to the system, while interferometry can both improve the astrometry and measure the radii of the stars. In this work, we simulate parameter recovery from intensity interferometry, especially the challenge of disentangling the radii of two stars from their combined interferometric signal. Two approaches are considered: separation of the visibility contributions of each star with the help of differing brightness ratios at different wavelengths, and direct fitting of the intensity correlation to a multiparameter model. Full image reconstructions is not attempted. Measurement of angular radii, angular separation, and first-order limb-darkening appears readily achievable for bright binary stars with current instrumentation.}",
	issn = {0035-8711},
	doi = {10.1093/mnras/stab2391},
	url = {https://doi.org/10.1093/mnras/stab2391},
}

@article{10.1093/mnras/stac2433,
	author = {Rai et al., Km Nitu},
	title = "{Simulations of astrometric planet detection in Alpha Centauri by intensity interferometry}",
	journal = {Monthly Notices of the Royal Astronomical Society},
	volume = {516},
	number = {2},
	pages = {2864-2875},
	year = {2022},
	month = {08},
	abstract = "{Recent dynamical studies indicate that the possibility of an Earth-like planet around α Cen A or B should be taken seriously. Such a planet, if it exists, would perturb the orbital astrometry by \\$\\lt \\{10\\}\\, \\{\\mu \\{\\rm as\\}\\}\\$, which is 10−6 of the separation between the two stars. We assess the feasibility of detecting such perturbations using ground-based intensity interferometry. We simulate a dedicated set-up consisting of four 40-cm telescopes equipped with photon counters and correlators with a time resolution of \\$0.1\\, \\rm ns\\$, and a sort of matched filter implemented through an aperture mask. The astrometric error from one night of observing α Cen AB is \\$\\approx 0.5\\, \\rm mas\\$. The error decreases if longer observing times and multiple spectral channels are used, as (channels × nights)−1/2.}",
	issn = {0035-8711},
	doi = {10.1093/mnras/stac2433},
	url = {https://doi.org/10.1093/mnras/stac2433},
}

@ARTICLE{2013APh....43..331D,
       author = {{Dravins et al.}, Dainis},
        title = "{Optical intensity interferometry with the Cherenkov Telescope Array}",
      journal = {Astroparticle Physics},
     keywords = {Astrophysics - Instrumentation and Methods for Astrophysics, Astrophysics - High Energy Astrophysical Phenomena, Astrophysics - Solar and Stellar Astrophysics},
         year = 2013,
        month = mar,
       volume = {43},
        pages = {331-347},
          doi = {10.1016/j.astropartphys.2012.04.017},
archivePrefix = {arXiv},
       eprint = {1204.3624},
 primaryClass = {astro-ph.IM},
       url = {https://ui.adsabs.harvard.edu/abs/2013APh....43..331D},
}


@article{goodfellow2014generative,
	title={Generative adversarial nets},
	author={Goodfellow et al., Ian},
	journal={Advances in neural information processing systems},
	volume={27},
	year={2014},
	url = {https://proceedings.neurips.cc/paper_files/paper/2014/file/f033ed80deb0234979a61f95710dbe25-Paper.pdf},
}

@article{goldberger1963use,
	title={Use of intensity correlations to determine the phase of a scattering amplitude},
	author={Goldberger et al., Marvin L},
	journal={Physical Review},
	volume={132},
	number={6},
	pages={2764},
	year={1963},
	publisher={APS},
	url = {https://link.aps.org/doi/10.1103/PhysRev.132.2764}	
}

@article{gamo1963triple,
	title={Triple correlator of photoelectric fluctuations as a spectroscopic tool},
	author={Gamo, Hideya},
	journal={Journal of Applied Physics},
	volume={34},
	number={4},
	pages={875--876},
	year={1963},
	publisher={American Institute of Physics},
	url = {https://pubs.aip.org/aip/jap/article-abstract/34/4/875/829426/Triple-Correlator-of-Photoelectric-Fluctuations-as}
}

@article{GerchbergSaxton1972,
	title={A practical algorithm for the determination of phase from image and diffraction plane pictures},
	author={R. W. Gerchberg},
	journal={Optik},
	year={1972},
	volume={35},
	pages={237-246},
	url={https://api.semanticscholar.org/CorpusID:55691159}
}

@article{Fienup1982,
	title={Phase retrieval algorithms: a comparison},
	author={Fienup, J.R.},
	journal={Applied Optics},
	volume={21},
	number={15},
	pages={2758-2769},
	year={1982},
	url = {https://opg.optica.org/ao/fulltext.cfm?uri=ao-21-15-2758&id=26002}
}

@article{sato1978imaging,
	title={Imaging system using an intensity triple correlator},
	author={Sato et al., Takuso},
	journal={Applied optics},
	volume={17},
	number={13},
	pages={2047--2052},
	year={1978},
	publisher={Optica Publishing Group},
	url = {https://opg.optica.org/ao/abstract.cfm?uri=ao-17-13-2047}
}

@article{sato1979computer,
	title={Computer controlled image sensor and its application},
	author={Sato et al., Takuso},
	journal={Applied Optics},
	volume={18},
	number={4},
	pages={485--488},
	year={1979},
	publisher={Optica Publishing Group},
	url = {https://opg.optica.org/ao/abstract.cfm?uri=ao-18-4-485}
}

@article{sato1981adaptive,
	title={Adaptive techniques for precise detection of the coherence function by an intensity triple correlator},
	author={Sato et al., Takuso},
	journal={Applied Optics},
	volume={20},
	number={12},
	pages={2055--2059},
	year={1981},
	publisher={Optica Publishing Group},
	url = {https://opg.optica.org/ao/abstract.cfm?uri=ao-20-12-2055}
}

@inproceedings{holmes2010two,
	title={Two-dimensional image recovery in intensity interferometry using the Cauchy-Riemann relations},
	author={Holmes et al., RB},
	booktitle={Adaptive Coded Aperture Imaging, Non-Imaging, and Unconventional Imaging Sensor Systems II},
	volume={7818},
	pages={175--185},
	year={2010},
	organization={SPIE},
	url = {https://www.spiedigitallibrary.org/conference-proceedings-of-spie/7818/78180O/Two-dimensional-image-recovery-in-intensity-interferometry-using-the-Cauchy/10.1117/12.858438.short}
}

@article{LeBohec2006,
	title={Optical Intensity Interferometry with Atmospheric Cerenkov Telescope Arrays},
	author={Le Bohec, S; Holder, J.},
	journal={The Astrophysical Journal},
	volume={649},
	pages={399--405},
	year={2006},
	publisher={The American Astronomical Society.},
	url = {https://iopscience.iop.org/article/10.1086/506379/meta}
}

@article{Dravins2013,
	title={Optical Intensity Interferometry with Atmospheric Cerenkov Telescope Arrays},
	author={D et al., Dravins},
	journal={Astroparticle Physics},
	volume={43},
	pages={331--347},
	year={2013},
	publisher={Elsevier},
	note={for the CTA Consortium},
	url = {https://www.sciencedirect.com/science/article/pii/S0927650512001314}
}


@article{acciari2020MAGIC,
  title={Optical intensity interferometry observations using the
 MAGIC imaging atmospheric Cherenkov telescopes},
  author={Acciari et al., V.A.},
  journal={MNRAS},
  year={2020},
  volume =491,
  pages = {1540},
  doi = {10.1093/mnras/stz3171/5625079},
  url = {https://academic.oup.com/mnras/article/491/2/1540/5625079}
}

@article{Abe2024MAGIC,
  title={Performance and first measurements of the MAGIC stellar intensity interferometer},
  author={Abe et al., S.},
  journal={MNRAS},
  year={April 2024},
  volume = 529,
  issue = 4,
  pages = {4387-4404},
  doi = {10.1093/mnras/stae697},
  url = {https://academic.oup.com/mnras/article/529/4/4387/7625603}
}

@article{Zmija2023,
  title={First intensity interferometry measurements with the H.E.S.S. telescopes},
  author={Zmija et al., Andreas },
  journal={MNRAS},
  year={December 2023},
  volume = 527,
  issue = 4,
  pages = {12243-12252},
  doi = {10.1093/mnras/stad3676},
  url = {https://academic.oup.com/mnras/article/527/4/12243/7455900}
}


@inproceedings{nunez2010stellar,
	title={Stellar intensity interferometry: Imaging capabilities of air Cherenkov telescope arrays},
	author={Nu{\~n}ez et al., Paul D},
	booktitle={Optical and Infrared Interferometry II},
	volume={7734},
	pages={458--467},
	year={2010},
	organization={SPIE},
	url = {https://www.spiedigitallibrary.org/conference-proceedings-of-spie/7734/77341C/Stellar-intensity-interferometry--imaging-capabilities-of-air--Cherenkov/10.1117/12.856496.short}
}

@inproceedings{Li2014,
	title={Phase retrieval using regularization method in intensity correlation imaging},
	author={Li et al., Xiyu},
	booktitle={Imaging Spectroscopy, Telescopes and Large Optics},
	volume={9298},
	pages={92981G1-G7},
	year={2014},
	organization={SPIE},
	url = {https://www.spiedigitallibrary.org/conference-proceedings-of-spie/9298/92981G/Phase-retrieval-using-regularization-method-in-intensity-correlation-imaging/10.1117/12.2072253.short}
}


@article{nunez2012high,
	title={High angular resolution imaging with stellar intensity interferometry using air Cherenkov telescope arrays},
	author={Nu{\~n}ez et al., Paul D},
	journal={Monthly Notices of the Royal Astronomical Society},
	volume={419},
	number={1},
	pages={172--183},
	year={2012},
	publisher={The Royal Astronomical Society},
	url = {https://academic.oup.com/mnras/article-abstract/419/1/172/999940}
}

@article{nunez2012imaging,
	title={Imaging submilliarcsecond stellar features with intensity interferometry using air Cherenkov telescope arrays},
	author={Nu{\~n}ez et al., Paul D},
	journal={Monthly Notices of the Royal Astronomical Society},
	volume={424},
	number={2},
	pages={1006--1011},
	year={2012},
	publisher={Blackwell Science Ltd Oxford, UK},
	url = {https://academic.oup.com/mnras/article-abstract/424/2/1006/997595}
}


@article{Teague1983,
	title={Deterministic phase retrieval: a Green's function solution},
	author={Teague, Michael R.},
	journal={Journal of Opticala Society of America},
	volume={73},
	number={11},
	pages={1434--1441},
	year={1983},
	url = {https://opg.optica.org/josa/abstract.cfm?uri=josa-73-11-1434}
}

@article{Zhang2020,
	author = {Zhang et al., Jialin},
	journal = {Opt. Lett.},
	keywords = {Fourier transforms; Imaging systems; Microlens arrays; Optical fields; Phase imaging; Phase retrieval},
	number = {13},
	pages = {3649--3652},
	publisher = {Optica Publishing Group},
	title = {On a universal solution to the transport-of-intensity equation},
	volume = {45},
	month = {Jul},
	year = {2020},
	url = {https://opg.optica.org/ol/abstract.cfm?URI=ol-45-13-3649},
}


@article{Kirisits2024,
	title={Using the Transport of Intensity and the Transport of Phase Equation for Phase Retrieval},
	author={Kirisits et al., Clemens},
	journal={arXiv preprint arXiv:2406.14143v2},
	year={2024},
	url = {https://arxiv.org/abs/2406.14143}
}


@article{brown1954lxxiv,
	title={LXXIV. A new type of interferometer for use in radio astronomy},
	author={Hanbury Brown et al., R},
	journal={The London, Edinburgh, and Dublin Philosophical Magazine and Journal of Science},
	volume={45},
	number={366},
	pages={663--682},
	year={1954},
	publisher={Taylor \& Francis},
	url = {https://www.tandfonline.com/doi/abs/10.1080/14786440708520475}
}


@article{brown1974intensity,
	title={The intensity interferometer; its application to astronomy},
	author={Hanbury Brown, Robert},
	journal={London},
	year={1974},
	url = {https://ui.adsabs.harvard.edu/abs/1974iiaa.book.....B/abstract}
}

@article{hanbury1974angular,
	title={The angular diameters of 32 stars},
	author={Hanbury Brown et al., R},
	journal={Monthly Notices of the Royal Astronomical Society},
	volume={167},
	number={1},
	pages={121--136},
	year={1974},
	publisher={Oxford University Press Oxford, UK},
	url = {https://academic.oup.com/mnras/article/167/1/121/2604861},
}


@article{HBT56,
  title={A Test of a New Type of Stellar Interferometer on Sirius},
  author={Hanbury Brown, R and Twiss, Richard Q},
  journal={Nature},
  volume={178},
  number={4541},
  pages={1046--1048},
  year={1956},
  publisher={Nature Publishing Group UK London},
  url = {https://https://www.nature.com/articles/1781046a0}
}

@article{brown1957interferometry,
  title={Interferometry of the intensity fluctuations in light-I. Basic theory: the correlation between photons in coherent beams of radiation},
  author={Hanbury Brown et al., R},
  journal={Proceedings of the Royal Society of London. Series A. Mathematical and Physical Sciences},
  volume={242},
  number={1230},
  pages={300--324},
  year={1957},
  publisher={The Royal Society London},
  url = {https://ui.adsabs.harvard.edu/abs/1957RSPSA.242..300B/abstract}
}


@article{brown1958interferometry,
  title={Interferometry of the intensity fluctuations in light. II. An experimental test of the theory for partially coherent light},
  author={Hanbury Brown et al., R},
  journal={Proceedings of the Royal Society of London. Series A. Mathematical and Physical Sciences},
  volume={243},
  number={1234},
  pages={291--319},
  year={1958},
  publisher={The Royal Society London},
  url = {https://ui.adsabs.harvard.edu/abs/1958RSPSA.243..291B/abstract}
}

@article{glauber1963quantum,
  title={The quantum theory of optical coherence},
  author={Glauber, Roy J},
  journal={Physical Review},
  volume={130},
  number={6},
  pages={2529},
  year={1963},
  publisher={APS},
  url = {https://journals.aps.org/pr/abstract/10.1103/PhysRev.130.2529}
}

@book{MandelWolf1995,
    author = {Leonard et al., Mandel},
    title = {Optical Coherence and Quantum Optics},
    publisher = {Cambridge University Press},
    year = {1995},
    url = {https://books.google.co.in/books?hl=en&lr=&id=FeBix14iM70C&oi=fnd&pg=PR25&dq=Optical+Coherence+and+Quantum+Optics&ots=tkqg6Y0DAL&sig=whDQYdpMfegwRNGLdR6f9nD3wU4&redir_esc=y#v=onepage&q=Optical%20Coherence%20and%20Quantum%20Optics&f=false}
}

@book{Hecht2002,
    author = {Hecht, Eugene},
    title = {Optics},
    publisher = {Addison Wesley},
    year = {2002},
    url = {}
}

@article{acciari2020optical,
	title={Optical intensity interferometry observations using the MAGIC imaging atmospheric Cherenkov telescopes},
	author={Acciari et al., V A},
	journal={MNRAS},
	volume={491},
	number={2},
	pages={1540--1547},
	year={2020},
	publisher={Oxford University Press},
	url = {https://academic.oup.com/mnras/article/491/2/1540/5625079}
}

@article{dravins2013optical,
	title={Optical intensity interferometry with the Cherenkov Telescope Array},
	author={Dravins et al., Dainis},
	journal={Astroparticle Physics},
	volume={43},
	pages={331--347},
	year={2013},
	publisher={Elsevier},
	url = {Optical intensity interferometry with the Cherenkov Telescope Array}
}

@article{aleksic2016major,
	title={The major upgrade of the MAGIC telescopes, Part II: A performance study using observations of the Crab Nebula},
	author={Aleksi{\'c} et al., Jelena},
	journal={Astroparticle Physics},
	volume={72},
	pages={76--94},
	year={2016},
	publisher={Elsevier},
	url = {https://www.sciencedirect.com/science/article/abs/pii/S0927650515000316}
}

@article{abeysekara2020demonstration,
	title={Demonstration of stellar intensity interferometry with the four VERITAS telescopes},
	author={Abeysekara et al., AU},
	journal={Nature Astronomy},
	volume={4},
	number={12},
	pages={1164--1169},
	year={2020},
	publisher={Nature Publishing Group UK London},
	url = {https://www.nature.com/articles/s41550-020-1143-y}
}

@article{saha2020theory,
	title={The theory of intensity interferometry revisited},
	author={Saha, Prasenjit},
	journal={arXiv preprint arXiv:2009.07284},
	year={2020},
	url = {https://arxiv.org/abs/2009.07284}
}

@article{mirza2014conditional,
	title={Conditional generative adversarial nets},
	author={Mirza et al., Mehdi},
	journal={arXiv preprint arXiv:1411.1784},
	year={2014},
	url = {https://arxiv.org/abs/1411.1784}
}

@inproceedings{isola2017image,
	title={Image-to-image translation with conditional adversarial networks},
	author={Isola et al., Phillip},
	booktitle={Proceedings of the IEEE conference on computer vision and pattern recognition},
	pages={1125--1134},
	year={2017},
	url = {https://openaccess.thecvf.com/content_cvpr_2017/html/Isola_Image-To-Image_Translation_With_CVPR_2017_paper.html}
}

@inproceedings{ronneberger2015u,
	title={U-net: Convolutional networks for biomedical image segmentation},
	author={Ronneberger et al., Olaf},
	booktitle={Medical image computing and computer-assisted intervention--MICCAI 2015: 18th international conference, Munich, Germany, October 5-9, 2015, proceedings, part III 18},
	pages={234--241},
	year={2015},
	organization={Springer},
	url = {https://link.springer.com/chapter/10.1007/978-3-319-24574-4_28}
}

@article{schawinski2017galaxypics,
title={Generative adversarial networks recover features in astrophysical images of galaxies beyond the deconvolution limit},
author={Schawinski et al., Kevin},
	journal={MNRAS},
	volume={467},
	pages={L110--L114},
	year={2017},
	publisher={Oxford University Press},
	url = {https://academic.oup.com/mnrasl/article/467/1/L110/2931732}
}

@article{mustafa2019cosmogan,
title={CosmoGAN: creating high-fidelity weak lensing convergnece maps using Generative Adversarial Networks},
author={Mustafa et al., Mustafa},
	journal={Computational Astrophysics and Cosmology},
	volume={6},
	article=[1],
	pages={1--13},
	year={2019},
	publisher={Oxford University Press},
	url = {https://link.springer.com/article/10.1186/s40668-019-0029-9}
}

@article{coccomini2021lightweightgan,
title={Generatiive Adversarial Networks for Astronomical Images Generation},
author={Coccomini et al., Davide},
journal={arXiv preprint arXiv:2122.11578},
year={2021},
url = {https://arxiv.org/abs/2111.11578}
}

@article{abadi2016tensorflow,
	title={Tensorflow: Large-scale machine learning on heterogeneous distributed systems},
	author={Abadi et al., Mart{\'\i}n},
	journal={arXiv preprint arXiv:1603.04467},
	year={2016},
	url = {https://arxiv.org/abs/1603.04467}
}

@article{virtanen2020scipy,
	title={SciPy 1.0: fundamental algorithms for scientific computing in Python},
	author={Virtanen et al., Pauli},
	journal={Nature methods},
	volume={17},
	number={3},
	pages={261--272},
	year={2020},
	publisher={Nature Publishing Group},
	url = {https://www.nature.com/articles/s41592-019-0686-2}
}

@ARTICLE{4160265,
	title={Matplotlib: A 2D Graphics Environment}, 
	author={Hunter, John D.},
	journal={Computing in Science \& Engineering}, 
	year={2007},
	volume={9},
	number={3},
	pages={90-95},
	keywords={Graphics;Interpolation;Equations;Graphical user interfaces;Packaging;Image generation;User interfaces;Operating systems;Computer languages;Programming profession;Python;scripting languages;application development;scientific programming},
	doi={10.1109/MCSE.2007.55},
	url = {https://www.computer.org/csdl/magazine/cs/2007/03/c3090/13rRUwbJD0A}
}

@book{murphy2022probabilistic,
	title={Probabilistic machine learning: an introduction},
	author={Murphy, Kevin P},
	year={2022},
	publisher={MIT press},
	url = {https://books.google.co.in/books?hl=en&lr=&id=wrZNEAAAQBAJ&oi=fnd&pg=PR27&dq=Probabilistic+machine+learning:+an+introduction&ots=LaqdQzbpQl&sig=4vF3DAMcI2tY7W2h8qRCSWBD8cE&redir_esc=y#v=onepage&q=Probabilistic%20machine%20learning%3A%20an%20introduction&f=false}
}

@book{prince2023understanding,
	title={Understanding deep learning},
	author={Prince, Simon JD},
	year={2023},
	publisher={MIT press},
	url = {https://books.google.co.in/books?hl=en&lr=&id=rvyxEAAAQBAJ&oi=fnd&pg=PR13&dq=Understanding+deep+learning&ots=1iagzV1jTP&sig=DopyPBLxK_A6JtNEDtg6yaaE14Q&redir_esc=y#v=onepage&q=Understanding%20deep%20learning&f=false}
}

@article{hu1962visual,
	title={Visual pattern recognition by moment invariants},
	author={Hu, Ming-Kuei},
	journal={IRE transactions on information theory},
	volume={8},
	number={2},
	pages={179--187},
	year={1962},
	publisher={IEEE},
	url = {https://ieeexplore.ieee.org/abstract/document/1057692/?casa_token=HhTUrGOjXTMAAAAA:sQK3GVidmsM_7xw4sBNkNwJnyJGB9H272nl53H2nUrYNkacZ4gPc0LMVLF_9tqeHtcr3oRo}
}

@article{teague1980image,
	title={Image analysis via the general theory of moments},
	author={Teague, Michael Reed},
	journal={Josa},
	volume={70},
	number={8},
	pages={920--930},
	year={1980},
	publisher={Optica Publishing Group},
	url = {https://opg.optica.org/josa/abstract.cfm?uri=josa-70-8-920}
}

@article{von1924radiative,
	title={The radiative equilibrium of a rotating system of gaseous masses},
	author={Von Zeipel, H},
	journal={Monthly Notices of the Royal Astronomical Society, Vol. 84, p. 665-683},
	volume={84},
	pages={665--683},
	year={1924},
	url = {https://adsabs.harvard.edu/full/1924MNRAS..84..665V}
}

@ARTICLE{1999A&A...347..185M,
	title = {Stellar evolution with rotation IV: von Zeipel's theorem and anisotropic losses of mass and angular momentum},
	author = {{Maeder}, Andr{\'e}},
	journal = {Astronomy \& Astrophysics},
	keywords = {STARS: EVOLUTION, STARS: INTERIORS, STARS: ROTATION, STARS: WINDS, OUTFLOWS},
	year = 1999,
	month = jul,
	volume = {347},
	pages = {185-193},
	url = {https://ui.adsabs.harvard.edu/abs/1999A&A...347..185M}
}

@article{lucy1967gravity,
	title={Gravity-darkening for stars with convective envelopes},
	author={Lucy, Leon B},
	journal={Zeitschrift f{\"u}r Astrophysik, Vol. 65, p. 89},
	volume={65},
	pages={89},
	year={1967},
	url = {https://adsabs.harvard.edu/full/1967ZA.....65...89L}
}

@article{mcalister2005first,
	title={First results from the CHARA array. I. An interferometric and spectroscopic study of the fast rotator $\alpha$ Leonis (Regulus)},
	author={McAlister et al., Harold A},
	journal={The Astrophysical Journal},
	volume={628},
	number={1},
	pages={439},
	year={2005},
	publisher={IOP Publishing},
	url = {https://iopscience.iop.org/article/10.1086/430730/meta}
}

@article{lorenz2004status,
	title={Status of the 17 m$\phi$ MAGIC telescope},
	author={Lorenz et al., Eckart},
	journal={New Astronomy Reviews},
	volume={48},
	number={5-6},
	pages={339--344},
	year={2004},
	publisher={Elsevier},
	url = {https://inspirehep.net/literature/651580},
}

@article{abe2024performance,
	title={Performance and first measurements of the MAGIC stellar intensity interferometer},
	author={Abe et al., Shinsuke},
	journal={MNRAS},
	volume={529},
	number={4},
	pages={4387--4404},
	year={2024},
	publisher={Oxford University Press},
	url = {https://academic.oup.com/mnras/article-abstract/529/4/4387/7625603}
}

@article{kieda2021veritas,
	title={The VERITAS-Stellar Intensity Interferometry (VSII) survey of Stellar Diameters},
	author={Kieda et al., David},
	journal={arXiv preprint arXiv:2108.09774},
	year={2021},
	url = {https://arxiv.org/abs/2108.09774#:~:text=The%20VERITAS%2DStellar%20Intensity%20Interferometry%20(VSII)%20survey%20of%20Stellar%20Diameters,-David%20Kieda%2C%20Jonathan&text=The%20VERITAS%20Imaging%20Air%20Cherenkov,Intensity%20Interferometry%20(SII)%20observations.},
}

@article{zmija2022optical,
	title={Optical intensity interferometry lab tests in preparation of stellar diameter measurements at IACTs at GHz photon rates},
	author={Zmija et al., Andreas},
	journal={Monthly Notices of the Royal Astronomical Society},
	volume={509},
	number={3},
	pages={3113--3118},
	year={2022},
	publisher={Oxford University Press},
	url = {https://academic.oup.com/mnras/article-abstract/509/3/3113/6408477}
}

@ARTICLE{2020MNRAS.498.4577B,
	   title = "{Towards a polarization prediction for LISA via intensity interferometry}",
       author = {{Baumgartner et al.}, Sandra},
      journal = {MNRAS},
     keywords = {gravitational waves, techniques: interferometric, stars: individual: CD-30{\textdegree} 11223, Astrophysics - Instrumentation and Methods for Astrophysics, General Relativity and Quantum Cosmology},
         year = 2020,
        month = nov,
       volume = {498},
       number = {3},
        pages = {4577-4589},
        primaryClass = {astro-ph.IM},
       url = {https://ui.adsabs.harvard.edu/abs/2020MNRAS.498.4577B}
}

@ARTICLE{2024ApJ...966...28A,
	   title = "{An Angular Diameter Measurement of {\ensuremath{\beta}} UMa via Stellar Intensity Interferometry with the VERITAS Observatory}",
       author = {{Acharyya et al.}, A.},
      journal = {The Astrophysical Journal},
     keywords = {Long baseline interferometry, Fundamental parameters of stars, Astronomy data modeling, 932, 555, 1859, Astrophysics - Solar and Stellar Astrophysics, Astrophysics - Instrumentation and Methods for Astrophysics},
         year = 2024,
        month = may,
       volume = {966},
       number = {1},
          eid = {28},
        pages = {28},
        primaryClass = {astro-ph.SR},
       url = {https://ui.adsabs.harvard.edu/abs/2024ApJ...966...28A},
}

@ARTICLE{2024MNRAS.529.4387A,
       author = {{Abe et al.}, S.},
        title = "{Performance and first measurements of the MAGIC stellar intensity interferometer}",
      journal = {MNRAS},
     keywords = {instrumentation: high angular resolution, instrumentation: interferometers, stars: fundamental parameters, stars: imaging, Astrophysics - Instrumentation and Methods for Astrophysics, Astrophysics - Solar and Stellar Astrophysics},
         year = 2024,
        month = apr,
       volume = {529},
       number = {4},
        pages = {4387-4404},
 primaryClass = {astro-ph.IM},
       url = {https://ui.adsabs.harvard.edu/abs/2024MNRAS.529.4387A},
}

@ARTICLE{2025MNRAS.537.2334V,
       author = {{Vogel et al.}, Naomi},
        title = "{Simultaneous two-colour intensity interferometry with H.E.S.S}",
      journal = {MNRAS},
     keywords = {instrumentation: high angular resolution, instrumentation: interferometers, methods: observational, techniques: interferometric, telescopes, stars: imaging, Astrophysics - Instrumentation and Methods for Astrophysics},
         year = 2025,
        month = mar,
       volume = {537},
       number = {3},
        pages = {2334-2341},
 primaryClass = {astro-ph.IM},
       url = {https://ui.adsabs.harvard.edu/abs/2025MNRAS.537.2334V},
}

